% reference guide
% https://guides.lib.chalmers.se/c.php?g=687391&p=4915849

@book{KandR,
    title={C Programming Language},
    author={Kernighan, Brian W. and Ritchie, Dennis M.},
    year={1988},
    publisher={Pearson Education, Inc.},
    isbn={9780131103627}
}

 @book{gcollHandbook,
    title={The Garbage Collection Handbook},
    subtitle={The Art of Automatic Memory Management},
    author={Jones, Richard and Hosking, Antony and Moss, Eliot},
    year={2012},
    publisher={Chapman Hall/CRC},
    isbn={9781420082791},
    series={International Perspectives on Science, Culture and Society}
 }

@online{mallocSrcCode,
    title={Malloc implementation for multiple threads without lock contention},
    author={Lea, Doug and Gloger, Wolfram},
    date={2001},
    month={3},
    day={11},
    url={https://sourceware.org/git/?p=glibc.git;a=blob_plain;f=malloc/malloc.c;hb=HEAD}
}

@online{llvmStackMaps,
    title={Stack maps and patch points in LLVM},
    year={2023},
    url={https://llvm.org/docs/StackMaps.html}
}

 @unpublished{MandSproject,
    title={Garbage Collection Algorithms},
    author={Byers, Rick},
    year={2007},
    howpublished={Project in applied algorithms at University of Washington},
    url={https://courses.cs.washington.edu/courses/csep521/07wi/prj/rick.pdf}
 }

% -----------------------------------
% Future and maybe viable sources
% -----------------------------------

@report{hardwareMandS,
    title={Scalable Hardware-algorithm for Mark-sweep Garbage Collection},
    author={Srisa-an, Witawas and Dan Lo, Chia-Tien and Chang, J. Moms},
    type={report},
    institution={Illinois Institute of Technology},
    url={https://ieeexplore.ieee.org/stamp/stamp.jsp?tp=&arnumber=874643}
}